<?xml version="1.0" encoding="UTF-8"?><collection xmlns="http://www.loc.gov/MARC21/slim"><record><leader>00489nam--2200181-u-4500</leader><controlfield tag="001">000051320</controlfield><controlfield tag="002">20161230</controlfield><controlfield tag="005">20161230201049</controlfield><controlfield tag="008">080619s1000------------r-----000-0-eng-d</controlfield><datafield ind1=" " ind2=" " tag="040"><subfield code="a">IFIN-HH</subfield></datafield><datafield ind1=" " ind2=" " tag="080"><subfield code="a">517</subfield></datafield><datafield ind1="1" ind2=" " tag="100"><subfield code="a">Delsarte,M.Jean</subfield></datafield><datafield ind1="1" ind2="0" tag="245"><subfield code="a">Les groupes de Transformations lineaires dans L,espace de Hilbert</subfield></datafield><datafield ind1=" " ind2=" " tag="260"><subfield code="a">Paris</subfield><subfield code="c">1932</subfield></datafield><datafield ind1=" " ind2=" " tag="300"><subfield code="a">57 p</subfield></datafield><datafield ind1=" " ind2=" " tag="490"><subfield code="a">Memorial des Sciences Mathematiques</subfield><subfield code="v">Fascicule LVII</subfield></datafield><datafield ind1=" " ind2=" " tag="852"><subfield code="a">30771</subfield><subfield code="c">517</subfield></datafield><datafield ind1=" " ind2=" " tag="CAT"><subfield code="a">Sys</subfield><subfield code="c">20080619</subfield><subfield code="h">074331</subfield></datafield></record></collection>